% SLR Methods #####################################

@article{kruger2020,
  title={Search. Review. Repeat? An empirical study of threats to replicating SLR searches},
  author={Kr{\"u}ger, Jacob and Lausberger, Christian and von Nostitz-Wallwitz, Ivonne and Saake, Gunter and Leich, Thomas},
  journal={Empirical Software Engineering},
  volume={25},
  number={1},
  pages={627--677},
  year={2020},
  publisher={Springer}
}

@article{PRISMA,
  title={Preferred reporting items for systematic reviews and meta-analyses: the PRISMA statement},
  author={Moher, David and Liberati, Alessandro and Tetzlaff, Jennifer and Altman, Douglas G and Prisma Group and others},
  journal={PLoS med},
  volume={6},
  number={7},
  pages={e1000097},
  year={2009},
  publisher={Public Library of Science}
}

@article{AMSTAR2,
  title={AMSTAR 2: a critical appraisal tool for systematic reviews that include randomised or non-randomised studies of healthcare interventions, or both},
  author={Shea, Beverley J and Reeves, Barnaby C and Wells, George and Thuku, Micere and Hamel, Candyce and Moran, Julian and Moher, David and Tugwell, Peter and Welch, Vivian and Kristjansson, Elizabeth and others},
  journal={bmj},
  volume={358},
  pages={j4008},
  year={2017},
  publisher={British Medical Journal Publishing Group}
}

% Books #####################################

@book{bacsar1998,
  title={Dynamic noncooperative game theory},
  author={Ba{\c{s}}ar, Tamer and Olsder, Geert Jan},
  year={1998},
  publisher={SIAM}
}

@book{booth2012,
  title={Systematic approaches to a successful literature review},
  author={Booth, Andrew and Sutton, Anthea and Papaioannou, Diana},
  year={2012},
  publisher={Sage}
}

@book{freund2014,
  title={Measuring and managing information risk: a FAIR approach},
  author={Freund, Jack and Jones, Jack},
  year={2014},
  publisher={Butterworth-Heinemann}
}

@book{kuhn2012,
  title={The structure of scientific revolutions},
  author={Kuhn, Thomas S},
  year={2012},
  publisher={University of Chicago press}
}

% My edition
@book{law2015,
  title={Simulation modeling and analysis},
  author={Law, Averill M},
  volume={5},
  year={2015},
  publisher={McGraw-Hill New York}
}

% The well-known version
@book{law2000,
  title={Simulation modeling and analysis},
  author={Law, Averill M and Kelton, W David and Kelton, W David},
  volume={3},
  year={2000},
  publisher={McGraw-Hill New York}
}

@book{nielsen2009,
  title={Bayesian networks and decision graphs},
  author={Nielsen, Thomas Dyhre and Jensen, Finn Verner},
  year={2009},
  publisher={Springer Science \& Business Media}
}

@book{ucedavelez2015,
  title={Risk centric threat modeling},
  author={Uceda-Velez, Tony and Morana, Marco M},
  year={2015},
  publisher={John Wiley \& Sons}
}

@book{zeigler1990,
abstract = {Object-Oriented Simulation with Hierarchical, Modular Models},
isbn = {1-4832-6491-2},
year = {1990},
title = {Object-oriented simulation with hierarchical, modular models : intelligent agents and endomorphic systems},
language = {eng},
author = {Zeigler, Bernard P.},
keywords = {Digital computer simulation; Intelligent agents (Computer software); Object-oriented programming (Computer science); Electronic books},
}


@book{zeigler2018,
  title={Theory of modeling and simulation: discrete event \& iterative system computational foundations},
  author={Zeigler, Bernard P and Muzy, Alexandre and Kofman, Ernesto},
  year={2018},
  publisher={Academic press}
}

% The well-known version
@book{zeigler2000,
  title={Theory of modeling and simulation},
  author={Zeigler, Bernard P and Kim, Tag Gon and Praehofer, Herbert},
  year={2000},
  publisher={Academic press}
}

@incollection{oren2017,
  title={The Evolution of Simulation and Its Contribution to Many Disciplines},
  author={Ã–ren, Tuncer and Mittal, Saurabh and Durak, Umut},
  booktitle={Guide to Simulation-Based Disciplines},
  pages={3--24},
  year={2017},
  publisher={Springer}
}


% Included sources #####################################

@inproceedings{chi2001,
  title={Network security modeling and cyber attack simulation methodology},
  author={Chi, Sung-Do and Park, Jong Sou and Jung, Ki-Chan and Lee, Jang-Se},
  booktitle={Australasian Conference on Information Security and Privacy},
  pages={320--333},
  year={2001},
  organization={Springer}
}

@inproceedings{kotenko2003,
  title={Active vulnerability assessment of computer networks by simulation of complex remote attacks},
  author={Kotenko, Igor},
  booktitle={2003 International Conference on Computer Networks and Mobile Computing, 2003. ICCNMC 2003.},
  pages={40--47},
  year={2003},
  organization={IEEE}
}

@inproceedings{lee2004,
  title={Automated cyber-attack scenario generation using the symbolic simulation},
  author={Lee, Jong-Keun and Lee, Min-Woo and Lee, Jang-Se and Chi, Sung-Do and Ohn, Syng-Yup},
  booktitle={International Conference on AI, Simulation, and Planning in High Autonomy Systems},
  pages={380--389},
  year={2004},
  organization={Springer}
}

@article{pudar2009,
  title={PENET: A practical method and tool for integrated modeling of security attacks and countermeasures},
  author={Pudar, Srdjan and Manimaran, Govindarasu and Liu, Chen-Ching},
  journal={Computers \& Security},
  volume={28},
  number={8},
  pages={754--771},
  year={2009},
  publisher={Elsevier}
}

@inproceedings{hassell2012,
  title={Evaluating network cyber resiliency methods using cyber threat, vulnerability and defense modeling and simulation},
  author={Hassell, Suzanne and Beraud, Paul and Cruz, Alen and Ganga, Gangadhar and Martin, Steve and Toennies, Justin and Vazquez, Pablo and Wright, Gary and Gomez, Daniel and Pietryka, Frank and others},
  booktitle={MILCOM 2012-2012 IEEE Military Communications Conference},
  pages={1--6},
  year={2012},
  organization={IEEE}
}

@inproceedings{kiesling2013,
  title={Simulation-based optimization of information security controls: An adversary-centric approach},
  author={Kiesling, Elmar and Strauss, Christine and Ekelhart, Andreas and Grill, Bernhard and Stummer, Christian},
  booktitle={2013 Winter Simulations Conference (WSC)},
  pages={2054--2065},
  year={2013},
  organization={IEEE}
}

@inproceedings{abercrombie2014,
  title={Security analysis of selected AMI failure scenarios using agent based game theoretic simulation},
  author={Abercrombie, Robert K and Schlicher, Bob G and Sheldon, Frederick T},
  booktitle={2014 47th Hawaii International Conference on System Sciences},
  pages={2015--2024},
  year={2014},
  organization={IEEE}
}

@article{perkins2015,
  title={Using discrete event simulation to model attacker interactions with cyber and physical security systems},
  author={Perkins, Casey and Muller, George},
  journal={Procedia Computer Science},
  volume={61},
  pages={221--226},
  year={2015},
  publisher={Elsevier}
}

@article{holm2014,
  title={P$^2${CySeMoL}: Predictive, Probabilistic Cyber Security Modeling Language},
  author={Holm, Hannes and Shahzad, Khurram and Buschle, Markus and Ekstedt, Mathias},
  journal={IEEE Transactions on Dependable and Secure Computing},
  volume={12},
  number={6},
  pages={626--639},
  year={2014},
  publisher={IEEE}
}

@inproceedings{zhang2016,
  title={Attack simulation based software protection assessment method},
  author={Zhang, Gaofeng and Falcarin, Paolo and G{\'o}mez-Mart{\'\i}nez, Elena and Islam, Shareeful and Tartary, Christophe and De Sutter, Bjorn and d'Annoville, Jerome},
  booktitle={2016 International Conference On Cyber Security And Protection Of Digital Services (Cyber Security)},
  pages={1--8},
  year={2016},
  organization={Ieee}
}

@inproceedings{johnson2018,
  title={A meta language for threat modeling and attack simulations},
  author={Johnson, Pontus and Lagerstr{\"o}m, Robert and Ekstedt, Mathias},
  booktitle={Proceedings of the 13th International Conference on Availability, Reliability and Security},
  pages={1--8},
  year={2018}
}

@inproceedings{bajic2018,
  title={Attack simulation for a realistic evaluation and comparison of network security techniques},
  author={Bajic, Alexander and Becker, Georg T},
  booktitle={Nordic Conference on Secure IT Systems},
  pages={236--254},
  year={2018},
  organization={Springer}
}

@inproceedings{almutairi2019,
  title={Security analysis of multiple SDN controllers based on stochastic Petri nets},
  author={Almutairi, Laila and Hong, Liang and Shetty, Sachin},
  booktitle={2019 Spring Simulation Conference (SpringSim)},
  pages={1--12},
  year={2019},
  organization={IEEE}
}


% Research sources #####################################

@book{abbass2015,
  title={Computational red teaming},
  author={Abbass, Hussein A},
  year={2015},
  publisher={Springer}
}

@inproceedings{ammann2002,
  title={Scalable, graph-based network vulnerability analysis},
  author={Ammann, Paul and Wijesekera, Duminda and Kaushik, Saket},
  booktitle={Proceedings of the 9th ACM Conference on Computer and Communications Security},
  pages={217--224},
  year={2002}
}

@inproceedings{ahmed2014,
  title={Cloud computing simulators: A detailed survey and future direction},
  author={Ahmed, Arif and Sabyasachi, Abadhan Saumya},
  booktitle={2014 IEEE international advance computing conference (IACC)},
  pages={866--872},
  year={2014},
  organization={IEEE}
}

@article{angelini2018,
  title={Vulnus: Visual vulnerability analysis for network security},
  author={Angelini, Marco and Blasilli, Graziano and Catarci, Tiziana and Lenti, Simone and Santucci, Giuseppe},
  journal={IEEE transactions on visualization and computer graphics},
  volume={25},
  number={1},
  pages={183--192},
  year={2018},
  publisher={IEEE}
}

@article{angelini2019,
  title={MAD: A visual analytics solution for Multi-step cyber Attacks Detection},
  author={Angelini, Marco and Bonomi, Silvia and Lenti, Simone and Santucci, Giuseppe and Taggi, S},
  journal={Journal of Computer Languages},
  volume={52},
  pages={10--24},
  year={2019},
  publisher={Elsevier}
}

@inproceedings{applebaum2016,
  title={Intelligent, automated red team emulation},
  author={Applebaum, Andy and Miller, Doug and Strom, Blake and Korban, Chris and Wolf, Ross},
  booktitle={Proceedings of the 32nd Annual Conference on Computer Security Applications},
  pages={363--373},
  year={2016}
}


@inproceedings{applebaum2017,
  title={Analysis of automated adversary emulation techniques},
  author={Applebaum, Andy and Miller, Doug and Strom, Blake and Foster, Henry and Thomas, Cody},
  booktitle={Proceedings of the Summer Simulation Multi-Conference},
  pages={1--12},
  year={2017}
}

@phdthesis{artz2002,
  title={Netspa: A network security planning architecture},
  author={Artz, Michael Lyle},
  year={2002},
  school={Massachusetts Institute of Technology}
}

@article{bergmayr2018,
  title={A systematic review of cloud modeling languages},
  author={Bergmayr, Alexander and Breitenb{\"u}cher, Uwe and Ferry, Nicolas and Rossini, Alessandro and Solberg, Arnor and Wimmer, Manuel and Kappel, Gerti and Leymann, Frank},
  journal={ACM Computing Surveys (CSUR)},
  volume={51},
  number={1},
  pages={1--38},
  year={2018},
  publisher={ACM New York, NY, USA}
}


@inproceedings{carroll2012,
  title={Realizing scientific methods for cyber security},
  author={Carroll, Thomas E and Manz, David and Edgar, Thomas and Greitzer, Frank L},
  booktitle={Proceedings of the 2012 Workshop on Learning from Authoritative Security Experiment Results},
  pages={19--24},
  year={2012}
}

@article{casey2016,
  title={Compliance signaling games: toward modeling the deterrence of insider threats},
  author={Casey, William and Morales, Jose Andre and Wright, Evan and Zhu, Quanyan and Mishra, Bud},
  journal={Computational and Mathematical Organization Theory},
  volume={22},
  number={3},
  pages={318--349},
  year={2016},
  publisher={Springer}
}


@article{cherdantseva2016,
  title={A review of cyber security risk assessment methods for SCADA systems},
  author={Cherdantseva, Yulia and Burnap, Pete and Blyth, Andrew and Eden, Peter and Jones, Kevin and Soulsby, Hugh and Stoddart, Kristan},
  journal={Computers \& security},
  volume={56},
  pages={1--27},
  year={2016},
  publisher={Elsevier}
}


@inproceedings{chockalingam2017,
  title={Bayesian network models in cyber security: a systematic review},
  author={Chockalingam, Sabarathinam and Pieters, Wolter and Teixeira, Andr{\'e} and van Gelder, Pieter},
  booktitle={Nordic Conference on Secure IT Systems},
  pages={105--122},
  year={2017},
  organization={Springer}
}

@inproceedings{chu2010,
  title={Visualizing attack graphs, reachability, and trust relationships with NAVIGATOR},
  author={Chu, Matthew and Ingols, Kyle and Lippmann, Richard and Webster, Seth and Boyer, Stephen},
  booktitle={Proceedings of the Seventh International Symposium on Visualization for Cyber Security},
  pages={22--33},
  year={2010},
  organization={ACM}
}

@article{cohen1999,
  title={Simulating cyber attacks, defences, and consequences},
  author={Cohen, Fred},
  journal={Computers \& Security},
  volume={18},
  number={6},
  pages={479--518},
  year={1999},
  publisher={Elsevier}
}

@techreport{davis2013,
  title={A survey of cyber ranges and testbeds},
  author={Davis, Jon and Magrath, Shane},
  year={2013},
  institution={DEFENCE SCIENCE AND TECHNOLOGY ORGANISATION EDINBURGH (AUSTRALIA) CYBER AND~â€¦}
}


@inproceedings{diallo2015,
  title={Towards an encyclopedia of Modeling and Simulation methodology},
  author={Diallo, Saikou and Mustafee, Navonil and Zacharewicz, Gregory},
  booktitle={2015 Winter Simulation Conference (WSC)},
  pages={2692--2703},
  year={2015},
  organization={IEEE}
}

@article{enoch2020,
  title={HARMer: Cyber-Attacks Automation and Evaluation},
  author={Enoch, Simon Yusuf and Huang, Zhibin and Moon, Chun Yong and Lee, Donghwan and Ahn, Myung Kil and Kim, Dong Seong},
  journal={IEEE Access},
  volume={8},
  pages={129397--129414},
  year={2020},
  publisher={IEEE}
}


@article{etesami2019,
  title={Dynamic games in cyber-physical security: An overview},
  author={Etesami, S Rasoul and Ba{\c{s}}ar, Tamer},
  journal={Dynamic Games and Applications},
  volume={9},
  number={4},
  pages={884--913},
  year={2019},
  publisher={Springer}
}


@article{franke2014,
  title={Cyber situational awareness--a systematic review of the literature},
  author={Franke, Ulrik and Brynielsson, Joel},
  journal={Computers \& security},
  volume={46},
  pages={18--31},
  year={2014},
  publisher={Elsevier}
}

@inproceedings{ghosh2015,
  title={Netsecuritas: An integrated attack graph-based security assessment tool for enterprise networks},
  author={Ghosh, Nirnay and Chokshi, Ishan and Sarkar, Mithun and Ghosh, Soumya K and Kaushik, Anil Kumar and Das, Sajal K},
  booktitle={Proceedings of the 2015 International Conference on Distributed Computing and Networking},
  pages={30},
  year={2015},
  organization={ACM}
}

@misc{hassell2018,
  title={Method and device for simulating network resiliance against attacks},
  author={Hassell, Suzanne P and Beraud III, Paul F and Cruz, Alen and Ganga, Gangadhar and Mastropietro, Brian J and Hester, Travis C and Hyde, David A and Toennies, Justin W and Martin, Stephen R and Pietryka, Frank and others},
  year={2018},
  month=apr # "~24",
  publisher={Google Patents},
  note={US Patent 9,954,884}
}

@article{ho2017,
  title={Leaderâ€™s dilemma game: An experimental design for cyber insider threat research},
  author={Ho, Shuyuan Mary and Warkentin, Merrill},
  journal={Information Systems Frontiers},
  volume={19},
  number={2},
  pages={377--396},
  year={2017},
  publisher={Springer}
}


@inproceedings{hoffmann2015,
  title={Simulated penetration testing: from" Dijkstra" to" Turing Test++"},
  author={Hoffmann, J{\"o}rg},
  booktitle={Twenty-Fifth International Conference on Automated Planning and Scheduling},
  year={2015}
}

@article{hong2017,
  title={A survey on the usability and practical applications of graphical security models},
  author={Hong, Jin B and Kim, Dong Seong and Chung, Chun-Jen and Huang, Dijiang},
  journal={Computer Science Review},
  volume={26},
  pages={1--16},
  year={2017},
  publisher={Elsevier}
}

@article{husak2018,
  title={Survey of attack projection, prediction, and forecasting in cyber security},
  author={Hus{\'a}k, Martin and Kom{\'a}rkov{\'a}, Jana and Bou-Harb, Elias and {\v{C}}eleda, Pavel},
  journal={IEEE Communications Surveys \& Tutorials},
  volume={21},
  number={1},
  pages={640--660},
  year={2018},
  publisher={IEEE}
}

@inproceedings{jajodia2011,
  title={Cauldron mission-centric cyber situational awareness with defense in depth},
  author={Jajodia, Sushil and Noel, Steven and Kalapa, Pramod and Albanese, Massimiliano and Williams, John},
  booktitle={2011-MILCOM 2011 Military Communications Conference},
  pages={1339--1344},
  year={2011},
  organization={IEEE}
}

@inproceedings{jha2002,
  title={Two formal analyses of attack graphs},
  author={Jha, Somesh and Sheyner, Oleg and Wing, Jeannette},
  booktitle={Proceedings 15th IEEE Computer Security Foundations Workshop. CSFW-15},
  pages={49--63},
  year={2002},
  organization={IEEE}
}

@inproceedings{katoen2016,
  title={The probabilistic model checking landscape},
  author={Katoen, Joost-Pieter},
  booktitle={Proceedings of the 31st Annual ACM/IEEE Symposium on Logic in Computer Science},
  pages={31--45},
  year={2016}
}

@inproceedings{kavak2016,
  title={A characterization of cybersecurity simulation scenarios.},
  author={Kavak, Hamdi and Padilla, Jose J and Vernon-Bido, Daniele and others},
  booktitle={SpringSim (CNS)},
  pages={3},
  year={2016}
}

@incollection{khan2018,
  title={Review into state of the art of vulnerability assessment using artificial intelligence},
  author={Khan, Saad and Parkinson, Simon},
  booktitle={Guide to Vulnerability Analysis for Computer Networks and Systems},
  pages={3--32},
  year={2018},
  publisher={Springer}
}

@article{koutsoukos2017,
  title={SURE: A modeling and simulation integration platform for evaluation of secure and resilient cyber--physical systems},
  author={Koutsoukos, Xenofon and Karsai, Gabor and Laszka, Aron and Neema, Himanshu and Potteiger, Bradley and Volgyesi, Peter and Vorobeychik, Yevgeniy and Sztipanovits, Janos},
  journal={Proceedings of the IEEE},
  volume={106},
  number={1},
  pages={93--112},
  year={2017},
  publisher={IEEE}
}


@techreport{lippmann2005,
  title={An annotated review of past papers on attack graphs},
  author={Lippmann, Richard Paul and Ingols, Kyle William},
  year={2005},
  institution={Massachusetts Inst of Tech Lexington Lincoln Lab}
}

@article{lye2005,
  title={Game strategies in network security},
  author={Lye, Kong-wei and Wing, Jeannette M},
  journal={International Journal of Information Security},
  volume={4},
  number={1-2},
  pages={71--86},
  year={2005},
  publisher={Springer}
}

@article{kaynar2016,
  title={A taxonomy for attack graph generation and usage in network security},
  author={Kaynar, Kerem},
  journal={Journal of Information Security and Applications},
  volume={29},
  pages={27--56},
  year={2016},
  publisher={Elsevier}
}


@MISC{kitchenham07,
    author = {B. Kitchenham and S Charters},
    title = {Guidelines for performing Systematic Literature Reviews in Software Engineering},
    year = {2007}
}


@article{kordy2014,
  title={DAG-based attack and defense modeling: Donâ€™t miss the forest for the attack trees},
  author={Kordy, Barbara and Pi{\`e}tre-Cambac{\'e}d{\`e}s, Ludovic and Schweitzer, Patrick},
  journal={Computer science review},
  volume={13},
  pages={1--38},
  year={2014},
  publisher={Elsevier}
}

@article{lallie2020,
  title={A review of attack graph and attack tree visual syntax in cyber security},
  author={Lallie, Harjinder Singh and Debattista, Kurt and Bal, Jay},
  journal={Computer Science Review},
  volume={35},
  pages={100219},
  year={2020},
  publisher={Elsevier}
}

@inproceedings{leblanc2011,
  title={An overview of cyber attack and computer network operations simulation.},
  author={Leblanc, Sylvain P and Partington, Andrew and Chapman, Ian M and Bernier, M{\'e}lanie},
  booktitle={SpringSim (MMS)},
  pages={92--100},
  year={2011}
}

@inproceedings{li2005,
  title={Simulation and analysis on the resiliency and efficiency of malnets},
  author={Li, Jun and Ehrenkranz, Toby and Kuenning, Geoff and Reiher, Peter},
  booktitle={Workshop on Principles of Advanced and Distributed Simulation (PADS'05)},
  pages={262--269},
  year={2005},
  organization={IEEE}
}


@article{liang2012,
  title={Game theory for network security},
  author={Liang, Xiannuan and Xiao, Yang},
  journal={IEEE Communications Surveys \& Tutorials},
  volume={15},
  number={1},
  pages={472--486},
  year={2012},
  publisher={IEEE}
}

@article{liu2019,
  title={Modeling ransomware spreading by a dynamic node-level method},
  author={Liu, Wanping},
  journal={IEEE Access},
  volume={7},
  pages={142224--142232},
  year={2019},
  publisher={IEEE}
}


@inproceedings{mauw2005,
  title={Foundations of attack trees},
  author={Mauw, Sjouke and Oostdijk, Martijn},
  booktitle={International Conference on Information Security and Cryptology},
  pages={186--198},
  year={2005},
  organization={Springer}
}

@article{manshaei2013,
  title={Game theory meets network security and privacy},
  author={Manshaei, Mohammad Hossein and Zhu, Quanyan and Alpcan, Tansu and Bac{\c{s}}ar, Tamer and Hubaux, Jean-Pierre},
  journal={ACM Computing Surveys (CSUR)},
  volume={45},
  number={3},
  pages={1--39},
  year={2013},
  publisher={ACM New York, NY, USA}
}

@inproceedings{mcdermott2001,
  title={Attack net penetration testing},
  author={McDermott, James P},
  booktitle={Proceedings of the 2000 workshop on New security paradigms},
  pages={15--21},
  year={2001}
}

@inproceedings{mohd2018,
  title={Simulation and Analysis of DDoS Attack on Connected Autonomous Vehicular Network using OMNET++},
  author={Mohd, Tauheed Khan and Majumdar, Subhrajit and Mathur, Akshay and Javaid, Ahmad Y},
  booktitle={2018 9th IEEE Annual Ubiquitous Computing, Electronics \& Mobile Communication Conference (UEMCON)},
  pages={502--508},
  year={2018},
  organization={IEEE}
}

@article{nicol2008,
  title={Efficient simulation of Internet worms},
  author={Nicol, David M},
  journal={ACM Transactions on Modeling and Computer Simulation (TOMACS)},
  volume={18},
  number={2},
  pages={1--32},
  year={2008},
  publisher={ACM New York, NY, USA}
}


@article{nicol2005,
  title={Modeling and simulation in security evaluation},
  author={Nicol, David M},
  journal={IEEE security \& privacy},
  volume={3},
  number={5},
  pages={71--74},
  year={2005},
  publisher={IEEE}
}

@inproceedings{nochenson2012,
  title={Simulation and game-theoretic analysis of an attacker-defender game},
  author={Nochenson, Alan and Heimann, CF Larry},
  booktitle={International Conference on Decision and Game Theory for Security},
  pages={138--151},
  year={2012},
  organization={Springer}
}

% TVA tool
@inproceedings{noel2009,
  title={Advances in topological vulnerability analysis},
  author={Noel, Steven and Elder, Matthew and Jajodia, Sushil and Kalapa, Pramod and O'Hare, Scott and Prole, Kenneth},
  booktitle={2009 Cybersecurity Applications \& Technology Conference for Homeland Security},
  pages={124--129},
  year={2009},
  organization={IEEE}
}


@incollection{noel2018,
  title={A Review of Graph Approaches to Network Security Analytics},
  author={Noel, Steven},
  booktitle={From Database to Cyber Security},
  pages={300--323},
  year={2018},
  publisher={Springer}
}

@article{hassan2019,
  title={Current research on Internet of Things (IoT) security: A survey},
  author={Hassan, Wan Haslina and others},
  journal={Computer networks},
  volume={148},
  pages={283--294},
  year={2019},
  publisher={Elsevier}
}

@inproceedings{ingols2006,
  title={Practical attack graph generation for network defense},
  author={Ingols, Kyle and Lippmann, Richard and Piwowarski, Keith},
  booktitle={2006 22nd Annual Computer Security Applications Conference (ACSAC'06)},
  pages={121--130},
  year={2006},
  organization={IEEE}
}

@article{leszczyna2010,
  title={Simulating malware with MAlSim},
  author={Leszczyna, Rafa{\l} and Fovino, Igor Nai and Masera, Marcelo},
  journal={Journal in computer virology},
  volume={6},
  number={1},
  pages={65--75},
  year={2010},
  publisher={Springer}
}

@article{orojloo2018,
  title={A stochastic game model for evaluating the impacts of security attacks against cyber-physical systems},
  author={Orojloo, Hamed and Azgomi, Mohammad Abdollahi},
  journal={Journal of Network and Systems Management},
  volume={26},
  number={4},
  pages={929--965},
  year={2018},
  publisher={Springer}
}

@inproceedings{ou2005,
  title={MulVAL: A Logic-based Network Security Analyzer.},
  author={Ou, Xinming and Govindavajhala, Sudhakar and Appel, Andrew W},
  booktitle={USENIX security symposium},
  volume={8},
  pages={113--128},
  year={2005},
  organization={Baltimore, MD}
}

@inproceedings{ou2006,
  title={A scalable approach to attack graph generation},
  author={Ou, Xinming and Boyer, Wayne F and McQueen, Miles A},
  booktitle={Proceedings of the 13th ACM conference on Computer and communications security},
  pages={336--345},
  year={2006}
}


@article{outkin2019,
  title={GPLADD: Quantifying Trust in Government and Commercial Systems A Game-Theoretic Approach},
  author={Outkin, Alexander V and Eames, Brandon K and Galiardi, Meghan A and Walsh, Sarah and Vugrin, Eric D and Heersink, Byron and Hobbs, Jacob and Wyss, Gregory D},
  journal={ACM Transactions on Privacy and Security (TOPS)},
  volume={22},
  number={3},
  pages={1--27},
  year={2019},
  publisher={ACM New York, NY, USA}
}


@article{ouyang2014,
  title={Review on modeling and simulation of interdependent critical infrastructure systems},
  author={Ouyang, Min},
  journal={Reliability engineering \& System safety},
  volume={121},
  pages={43--60},
  year={2014},
  publisher={Elsevier}
}

@inproceedings{park2001,
  title={Secusim: A tool for the cyber-attack simulation},
  author={Park, Jong Sou and Lee, Jang-Se and Kim, Hwan Kuk and Jeong, Jeong-Rye and Yeom, Dong-Bok and Chi, Sung-Do},
  booktitle={International Conference on Information and Communications Security},
  pages={471--475},
  year={2001},
  organization={Springer}
}

@inproceedings{phillips1998,
  title={A graph-based system for network-vulnerability analysis},
  author={Phillips, Cynthia and Swiler, Laura Painton},
  booktitle={Proceedings of the 1998 workshop on New security paradigms},
  pages={71--79},
  year={1998}
}

@article{polatidis2018,
  title={Cyber-attack path discovery in a dynamic supply chain maritime risk management system},
  author={Polatidis, Nikolaos and Pavlidis, Michalis and Mouratidis, Haralambos},
  journal={Computer Standards \& Interfaces},
  volume={56},
  pages={74--82},
  year={2018},
  publisher={Elsevier}
}

@article{poolsappasit2011,
  title={Dynamic security risk management using bayesian attack graphs},
  author={Poolsappasit, Nayot and Dewri, Rinku and Ray, Indrajit},
  journal={IEEE Transactions on Dependable and Secure Computing},
  volume={9},
  number={1},
  pages={61--74},
  year={2011},
  publisher={IEEE}
}


@article{queiroz2011,
  title={SCADASimâ€”A framework for building SCADA simulations},
  author={Queiroz, Carlos and Mahmood, Abdun and Tari, Zahir},
  journal={IEEE Transactions on Smart Grid},
  volume={2},
  number={4},
  pages={589--597},
  year={2011},
  publisher={IEEE}
}

@article{ralston2007,
  title={Cyber security risk assessment for SCADA and DCS networks},
  author={Ralston, Patricia AS and Graham, James H and Hieb, Jefferey L},
  journal={ISA transactions},
  volume={46},
  number={4},
  pages={583--594},
  year={2007},
  publisher={Elsevier}
}

@inproceedings{randhawa2018,
  title={Mission-centric automated cyber red teaming},
  author={Randhawa, Suneel and Turnbull, Benjamin and Yuen, Joseph and Dean, Jonathan},
  booktitle={Proceedings of the 13th International Conference on Availability, Reliability and Security},
  pages={1--11},
  year={2018}
}

@inproceedings{ritchey2000,
  title={Using model checking to analyze network vulnerabilities},
  author={Ritchey, Ronald W and Ammann, Paul},
  booktitle={Proceeding 2000 IEEE Symposium on Security and Privacy. S\&P 2000},
  pages={156--165},
  year={2000},
  organization={IEEE}
}

@inproceedings{roy2010,
  title={A survey of game theory as applied to network security},
  author={Roy, Sankardas and Ellis, Charles and Shiva, Sajjan and Dasgupta, Dipankar and Shandilya, Vivek and Wu, Qishi},
  booktitle={2010 43rd Hawaii International Conference on System Sciences},
  pages={1--10},
  year={2010},
  organization={IEEE}
}

@article{schneier1999,
  title={Attack trees},
  author={Schneier, Bruce},
  journal={Dr. Dobbâ€™s journal},
  volume={24},
  number={12},
  pages={21--29},
  year={1999}
}

@article{shah2015,
  title={An overview of vulnerability assessment and penetration testing techniques},
  author={Shah, Sugandh and Mehtre, Babu M},
  journal={Journal of Computer Virology and Hacking Techniques},
  volume={11},
  number={1},
  pages={27--49},
  year={2015},
  publisher={Springer}
}

@article{sharkh2016,
  title={Building a cloud on earth: A study of cloud computing data center simulators},
  author={Sharkh, Mohamed Abu and Kanso, Ali and Shami, Abdallah and {\"O}hl{\'e}n, Peter},
  journal={Computer Networks},
  volume={108},
  pages={78--96},
  year={2016},
  publisher={Elsevier}
}


@inproceedings{shaw2001,
  title={The coming-of-age of software architecture research},
  author={Shaw, Mary},
  booktitle={Proceedings of the 23rd international conference on Software engineering},
  pages={656},
  year={2001}
}

@inproceedings{sheyner2002,
  title={Automated generation and analysis of attack graphs},
  author={Sheyner, Oleg and Haines, Joshua and Jha, Somesh and Lippmann, Richard and Wing, Jeannette M},
  booktitle={Proceedings 2002 IEEE Symposium on Security and Privacy},
  pages={273--284},
  year={2002},
  organization={IEEE}
}

@article{spyridopoulos2013,
  title={A game theoretic defence framework against DoS/DDoS cyber attacks},
  author={Spyridopoulos, Theodoros and Karanikas, G and Tryfonas, Theodore and Oikonomou, Georgios},
  journal={Computers \& Security},
  volume={38},
  pages={39--50},
  year={2013},
  publisher={Elsevier}
}

@article{sun2017,
  title={Attacks and countermeasures in the internet of vehicles},
  author={Sun, Yunchuan and Wu, Lei and Wu, Shizhong and Li, Shoupeng and Zhang, Tao and Zhang, Li and Xu, Junfeng and Xiong, Yongping and Cui, Xuegang},
  journal={Annals of Telecommunications},
  volume={72},
  number={5-6},
  pages={283--295},
  year={2017},
  publisher={Springer}
}

@article{torres2019,
  title={Machine learning techniques applied to cybersecurity},
  author={Torres, Javier Mart{\'\i}nez and Comesa{\~n}a, Carla Iglesias and Garc{\'\i}a-Nieto, Paulino J},
  journal={International Journal of Machine Learning and Cybernetics},
  volume={10},
  number={10},
  pages={2823--2836},
  year={2019},
  publisher={Springer}
}

@inproceedings{upton2004,
  title={Breaking blue: Automated red teaming using evolvable simulations},
  author={Upton, Stephen C and Johnson, Sarah K and McDonald, Mary J},
  booktitle={Proceedings of Genetic and Evolutionary Computation Conference 2004},
  year={2004}
}

@article{white2006,
  title={Content analysis: A flexible methodology},
  author={White, Marilyn Domas and Marsh, Emily E},
  journal={Library trends},
  volume={55},
  number={1},
  pages={22--45},
  year={2006},
  publisher={Johns Hopkins University Press}
}

@article{white2014,
  title={Social network attack simulation with honeytokens},
  author={White, Jonathan and Park, Joon S and Kamhoua, Charles A and Kwiat, Kevin A},
  journal={Social Network Analysis and Mining},
  volume={4},
  number={1},
  pages={221},
  year={2014},
  publisher={Springer}
}

@inproceedings{williams2008,
  title={GARNET: A graphical attack graph and reachability network evaluation tool},
  author={Williams, Leevar and Lippmann, Richard and Ingols, Kyle},
  booktitle={International Workshop on Visualization for Computer Security},
  pages={44--59},
  year={2008},
  organization={Springer}
}

@inproceedings{wu2010,
  title={On modeling and simulation of game theory-based defense mechanisms against DoS and DDoS attacks},
  author={Wu, Qishi and Shiva, Sajjan and Roy, Sankardas and Ellis, Charles and Datla, Vivek},
  booktitle={Proceedings of the 2010 spring simulation multiconference},
  pages={1--8},
  year={2010}
}


@techreport{yuen2015,
  title={Automated cyber red teaming},
  author={Yuen, Joseph},
  year={2015},
  institution={DEFENCE SCIENCE AND TECHNOLOGY ORGANISATION EDINBURGH (AUSTRALIA) CYBER AND~â€¦}
}

@article{xiong2019,
  title={Threat modeling--A systematic literature review},
  author={Xiong, Wenjun and Lagerstr{\"o}m, Robert},
  journal={Computers \& Security},
  year={2019},
  publisher={Elsevier}
}


@inproceedings{zhao2012,
  title={Modeling and simulation of cloud computing: A review},
  author={Zhao, Wei and Peng, Yong and Xie, Feng and Dai, Zhonghua},
  booktitle={2012 IEEE Asia Pacific cloud computing congress (APCloudCC)},
  pages={20--24},
  year={2012},
  organization={IEEE}
}

@article{zou2007,
  title={Modeling and simulation study of the propagation and defense of internet e-mail worms},
  author={Zou, Cliff C and Towsley, Don and Gong, Weibo},
  journal={IEEE Transactions on dependable and secure computing},
  volume={4},
  number={2},
  pages={105--118},
  year={2007},
  publisher={IEEE}
}

@misc{nist2012,
  title={NIST Special Publication 800-30 Revision 1: Guide for Conducting
Risk Assessments},
  author={NIST},
  organization={National Institute of Standards and Technology},
  year={2012},
  url={https://csrc.nist.gov/publications/detail/sp/800-30/rev-1/final},
  urldate={2020-11-24}
}
