@article{alves2018,
  title={Virtualization of SCADA testbeds for cybersecurity research: A modular approach},
  author={Alves, Thiago and Das, Rishabh and Werth, Aaron and Morris, Thomas},
  journal={Computers \& Security},
  volume={77},
  pages={531--546},
  year={2018},
  publisher={Elsevier}
}

@article{angelini2018,
  title={Vulnus: Visual vulnerability analysis for network security},
  author={Angelini, Marco and Blasilli, Graziano and Catarci, Tiziana and Lenti, Simone and Santucci, Giuseppe},
  journal={IEEE transactions on visualization and computer graphics},
  volume={25},
  number={1},
  pages={183--192},
  year={2018},
  publisher={IEEE}
}

@incollection{balci1998,
  title={Verification, Validation, and Testing},
  booktitle={Handbook of simulation: principles, methodology, advances, applications, and practice},
  author={Balci, Osman},
  editor={Banks, Jerry},
  year={1998},
  pages={335-393},
  chapter={10},
  publisher={John Wiley \& Sons}
}

@book{booth2012,
  title={Systematic approaches to a successful literature review},
  author={Booth, Andrew and Sutton, Anthea and Papaioannou, Diana},
  year={2012},
  publisher={Sage}
}

@article{bowen2019,
  title={Development of an Interaction Simulator for the Scenario Analysis of Physical Protection Systems},
  author={Bowen, Zou and Jian, Liu and Wenlin, Wang and Zhenyu, Yan and Gaojun, Liu and Jun, Yang and Ming, Yang},
  journal={IEEE Access},
  volume={7},
  pages={91509--91517},
  year={2019},
  publisher={IEEE}
}

@book{campbell1966,
  title={Experimental and quasi-experimental designs for research},
  author={Campbell, D.T. and Stanley, J.C.},
  lccn={66025213},
  year={1966},
  publisher={R. McNally}
}

@article{casey2016,
  title={Compliance signaling games: toward modeling the deterrence of insider threats},
  author={Casey, William and Morales, Jose Andre and Wright, Evan and Zhu, Quanyan and Mishra, Bud},
  journal={Computational and Mathematical Organization Theory},
  volume={22},
  number={3},
  pages={318--349},
  year={2016},
  publisher={Springer}
}

@article{cohen1999,
  title={Simulating cyber attacks, defences, and consequences},
  author={Cohen, Fred},
  journal={Computers \& Security},
  volume={18},
  number={6},
  pages={479--518},
  year={1999},
  publisher={Elsevier}
}

@article{durkota2019,
  title={Hardening networks against strategic attackers using attack graph games},
  author={Durkota, Karel and Lis{\`y}, Viliam and Bo{\v{s}}ansk{\`y}, Branislav and Kiekintveld, Christopher and P{\v{e}}chou{\v{c}}ek, Michal},
  journal={Computers \& Security},
  volume={87},
  pages={101578},
  year={2019},
  publisher={Elsevier}
}

@article{ficco2017,
  title={Simulation platform for cyber-security and vulnerability analysis of critical infrastructures},
  author={Ficco, Massimo and Chora{\'s}, Micha{\l} and Kozik, Rafa{\l}},
  journal={Journal of computational science},
  volume={22},
  pages={179--186},
  year={2017},
  publisher={Elsevier}
}

@article{holm2014,
  title={P$^2${CySeMoL}: Predictive, Probabilistic Cyber Security Modeling Language},
  author={Holm, Hannes and Shahzad, Khurram and Buschle, Markus and Ekstedt, Mathias},
  journal={IEEE Transactions on Dependable and Secure Computing},
  volume={12},
  number={6},
  pages={626--639},
  year={2014},
  publisher={IEEE}
}

@MISC{Kitchenham07,
    author = {B. Kitchenham and S Charters},
    title = {Guidelines for performing Systematic Literature Reviews in Software Engineering},
    year = {2007}
}

@article{konovalov2013,
  title={Simulation-based study of botnets and defense mechanisms against them},
  author={Konovalov, AM and Kotenko, IV and Shorov, AV},
  journal={Journal of Computer and Systems Sciences International},
  volume={52},
  number={1},
  pages={43--65},
  year={2013},
  publisher={Springer}
}

@article{koutsoukos2017,
  title={SURE: A modeling and simulation integration platform for evaluation of secure and resilient cyber--physical systems},
  author={Koutsoukos, Xenofon and Karsai, Gabor and Laszka, Aron and Neema, Himanshu and Potteiger, Bradley and Volgyesi, Peter and Vorobeychik, Yevgeniy and Sztipanovits, Janos},
  journal={Proceedings of the IEEE},
  volume={106},
  number={1},
  pages={93--112},
  year={2017},
  publisher={IEEE}
}

@book{law2015 ,
  title={Simulation modeling and analysis},
  author={Law, Averill M},
  volume={5},
  year={2015},
  publisher={McGraw-Hill New York}
}

@inproceedings{law2008,
  title={How to build valid and credible simulation models},
  author={Law, Averill M},
  booktitle={2008 Winter Simulation Conference},
  pages={39--47},
  year={2008},
  organization={IEEE}
}

@book{law2000,
  title={Simulation modeling and analysis},
  author={Law, Averill M and Kelton, W David and Kelton, W David},
  volume={3},
  year={2000},
  publisher={McGraw-Hill New York}
}

@article{leszczyna2011,
  title={Approach to security assessment of critical infrastructures’ information systems},
  author={Leszczyna, Rafal and Fovino, Igor Nai and Masera, Marcelo},
  journal={IET Information Security},
  volume={5},
  number={3},
  pages={135--144},
  year={2011},
  publisher={IET}
}

@article{leszczyna2010,
  title={Simulating malware with MAlSim},
  author={Leszczyna, Rafa{\l} and Fovino, Igor Nai and Masera, Marcelo},
  journal={Journal in computer virology},
  volume={6},
  number={1},
  pages={65--75},
  year={2010},
  publisher={Springer}
}

@article{liu2016,
  title={Power system risk assessment in cyber attacks considering the role of protection systems},
  author={Liu, Xindong and Shahidehpour, Mohammad and Li, Zuyi and Liu, Xuan and Cao, Yijia and Li, Zhiyi},
  journal={IEEE Transactions on Smart Grid},
  volume={8},
  number={2},
  pages={572--580},
  year={2016},
  publisher={IEEE}
}

@article{luh2018,
  title={PenQuest: a gamified attacker/defender meta model for cyber security assessment and education},
  author={Luh, Robert and Temper, Marlies and Tjoa, Simon and Schrittwieser, Sebastian and Janicke, Helge},
  journal={Journal of Computer Virology and Hacking Techniques},
  pages={1--43},
  year={2018},
  publisher={Springer}
}

@article{white2006,
  title={Content analysis: A flexible methodology},
  author={White, Marilyn Domas and Marsh, Emily E},
  journal={Library trends},
  volume={55},
  number={1},
  pages={22--45},
  year={2006},
  publisher={Johns Hopkins University Press}
}


@book{mittal2017,
  title={Guide to simulation-based disciplines: Advancing our computational future},
  author={Mittal, Saurabh and Durak, Umut and {\"O}ren, Tuncer},
  year={2017},
  publisher={Springer}
}

@article{okoli2010,
  title={A guide to conducting a systematic literature review of information systems research},
  author={Okoli, Chitu and Schabram, Kira},
  year={2010}
}

@article{outkin2019,
  title={GPLADD: Quantifying Trust in Government and Commercial Systems A Game-Theoretic Approach},
  author={Outkin, Alexander V and Eames, Brandon K and Galiardi, Meghan A and Walsh, Sarah and Vugrin, Eric D and Heersink, Byron and Hobbs, Jacob and Wyss, Gregory D},
  journal={ACM Transactions on Privacy and Security (TOPS)},
  volume={22},
  number={3},
  pages={1--27},
  year={2019},
  publisher={ACM New York, NY, USA}
}

@article{polatidis2018,
  title={Cyber-attack path discovery in a dynamic supply chain maritime risk management system},
  author={Polatidis, Nikolaos and Pavlidis, Michalis and Mouratidis, Haralambos},
  journal={Computer Standards \& Interfaces},
  volume={56},
  pages={74--82},
  year={2018},
  publisher={Elsevier}
}

@article{pudar2009,
  title={PENET: A practical method and tool for integrated modeling of security attacks and countermeasures},
  author={Pudar, Srdjan and Manimaran, Govindarasu and Liu, Chen-Ching},
  journal={Computers \& Security},
  volume={28},
  number={8},
  pages={754--771},
  year={2009},
  publisher={Elsevier}
}



@article{queiroz2011,
  title={SCADASim—A framework for building SCADA simulations},
  author={Queiroz, Carlos and Mahmood, Abdun and Tari, Zahir},
  journal={IEEE Transactions on Smart Grid},
  volume={2},
  number={4},
  pages={589--597},
  year={2011},
  publisher={IEEE}
}

@inproceedings{sargent2015,
  title={An introductory tutorial on verification and validation of simulation models},
  author={Sargent, Robert},
% author={Sargent, Robert G},
  booktitle={2015 Winter Simulation Conference (WSC)},
  pages={1729--1740},
  year={2015},
  organization={IEEE}
}

@inproceedings{sargent2010,
  title={Verification and validation of simulation models},
  author={Sargent, Robert G},
  booktitle={Proceedings of the 2010 winter simulation conference},
  pages={166--183},
  year={2010},
  organization={IEEE}
}

@article{romero2012,
  title={Simulation framework for security threats in cognitive radio networks},
  author={Romero, Elena and Mouradian, Alexandre and Blesa, Javier and Moya, Jos{\'e} Manuel and Araujo, Alvaro},
  journal={IET communications},
  volume={6},
  number={8},
  pages={984--990},
  year={2012},
  publisher={IET}
}

@inproceedings{taylor2018,
  title={Crisis, What Crisis--Does Reproducibility in Modeling \& Simulation Really Matter?},
  author={Taylor, Simon JE and Eldabi, Tillal and Monks, Thomas and Rabe, Markus and Uhrmacher, Adelinde M},
  booktitle={2018 Winter Simulation Conference (WSC)},
  pages={749--762},
  year={2018},
  organization={IEEE}
}

@article{tjoa2010,
  title={A formal approach enabling risk-aware business process modeling and simulation},
  author={Tjoa, Simon and Jakoubi, Stefan and Goluch, Gernot and Kitzler, Gerhard and Goluch, Sigrun and Quirchmayr, Gerald},
  journal={IEEE Transactions on Services Computing},
  volume={4},
  number={2},
  pages={153--166},
  year={2010},
  publisher={IEEE}
}


@article{webster2002,
  title={Analyzing the past to prepare for the future: Writing a literature review},
  author={Webster, Jane and Watson, Richard T},
  journal={MIS quarterly},
  pages={xiii--xxiii},
  year={2002},
  publisher={JSTOR}
}

@article{white2014,
  title={Social network attack simulation with honeytokens},
  author={White, Jonathan and Park, Joon S and Kamhoua, Charles A and Kwiat, Kevin A},
  journal={Social Network Analysis and Mining},
  volume={4},
  number={1},
  pages={221},
  year={2014},
  publisher={Springer}
}

@book{zeigler2000,
  title={Theory of modeling and simulation},
  author={Zeigler, Bernard P and Kim, Tag Gon and Praehofer, Herbert},
  year={2000},
  publisher={Academic press}
}

@article{zhang2016,
  title={Inclusion of SCADA cyber vulnerability in power system reliability assessment considering optimal resources allocation},
  author={Zhang, Yichi and Wang, Lingfeng and Xiang, Yingmeng and Ten, Chee-Wooi},
  journal={IEEE Transactions on Power Systems},
  volume={31},
  number={6},
  pages={4379--4394},
  year={2016},
  publisher={IEEE}
}

@article{zou2007,
  title={Modeling and simulation study of the propagation and defense of internet e-mail worms},
  author={Zou, Cliff C and Towsley, Don and Gong, Weibo},
  journal={IEEE Transactions on dependable and secure computing},
  volume={4},
  number={2},
  pages={105--118},
  year={2007},
  publisher={IEEE}
}

@incollection{oren2017,
  title={The Evolution of Simulation and Its Contribution to Many Disciplines},
  author={{\"O}ren, Tuncer and Mittal, Saurabh and Durak, Umut},
  booktitle={Guide to Simulation-Based Disciplines},
  pages={3--24},
  year={2017},
  publisher={Springer}
}